%%%%%%%%%%%% Bibtex %%%%%%%%%%%%%%

@article{goodfellow2014generative,
  title={Generative adversarial networks},
  author={Goodfellow, Ian J and Pouget-Abadie, Jean and Mirza, Mehdi and Xu, Bing and Warde-Farley, David and Ozair, Sherjil and Courville, Aaron and Bengio, Yoshua},
  journal={arXiv preprint arXiv:1406.2661},
  year={2014}
}

@article{frid2018gan,
  title={GAN-based synthetic medical image augmentation for increased CNN performance in liver lesion classification},
  author={Frid-Adar, Maayan and Diamant, Idit and Klang, Eyal and Amitai, Michal and Goldberger, Jacob and Greenspan, Hayit},
  journal={Neurocomputing},
  volume={321},
  pages={321--331},
  year={2018},
  publisher={Elsevier}
}

@article{tanveer2020machine,
  title={Machine learning techniques for the diagnosis of Alzheimer’s disease: A review},
  author={Tanveer, M and Richhariya, B and Khan, RU and Rashid, AH and Khanna, P and Prasad, M and Lin, CT},
  journal={ACM Transactions on Multimedia Computing, Communications, and Applications (TOMM)},
  volume={16},
  number={1s},
  pages={1--35},
  year={2020},
  publisher={ACM New York, NY, USA}
}

@article{weller2018current,
  title={Current understanding of Alzheimer’s disease diagnosis and treatment},
  author={Weller, Jason and Budson, Andrew},
  journal={F1000Research},
  volume={7},
  year={2018},
  publisher={Faculty of 1000 Ltd}
}

@article{liu2019comparison,
  title={A comparison of deep learning performance against health-care professionals in detecting diseases from medical imaging: a systematic review and meta-analysis},
  author={Liu, Xiaoxuan and Faes, Livia and Kale, Aditya U and Wagner, Siegfried K and Fu, Dun Jack and Bruynseels, Alice and Mahendiran, Thushika and Moraes, Gabriella and Shamdas, Mohith and Kern, Christoph and others},
  journal={The lancet digital health},
  volume={1},
  number={6},
  pages={e271--e297},
  year={2019},
  publisher={Elsevier}
}

@article{prince2014dementia,
  title={Dementia UK: -overview},
  author={Prince, Martin and Knapp, Martin and Guerchet, Maelenn and McCrone, Paul and Prina, Matthew and Comas-Herrera, Adelina and Wittenberg, Raphael and Adelaja, Bayo and Hu, Bo and King, Derek and others},
  year={2014},
  publisher={Alzheimer’s Society}
}

@article{mckhann1984clinical,
  title={Clinical diagnosis of Alzheimer's disease: Report of the NINCDS-ADRDA Work Group* under the auspices of Department of Health and Human Services Task Force on Alzheimer's Disease},
  author={McKhann, Guy and Drachman, David and Folstein, Marshall and Katzman, Robert and Price, Donald and Stadlan, Emanuel M},
  journal={Neurology},
  volume={34},
  number={7},
  pages={939--939},
  year={1984},
  publisher={AAN Enterprises}
}


@article{cho2015much,
  title={How much data is needed to train a medical image deep learning system to achieve necessary high accuracy?},
  author={Cho, Junghwan and Lee, Kyewook and Shin, Ellie and Choy, Garry and Do, Synho},
  journal={arXiv preprint arXiv:1511.06348},
  year={2015}
}

@book{geron2019hands,
  title={Hands-on machine learning with Scikit-Learn, Keras, and TensorFlow: Concepts, tools, and techniques to build intelligent systems},
  author={G{\'e}ron, Aur{\'e}lien},
  year={2019},
  publisher={O'Reilly Media}
}

@article{dropout2014,
  title={Dropout: a simple way to prevent neural networks from overfitting},
  author={Srivastava, Nitish and Hinton, Geoffrey and Krizhevsky, Alex and Sutskever, Ilya and Salakhutdinov, Ruslan},
  journal={The journal of machine learning research},
  volume={15},
  number={1},
  pages={1929--1958},
  year={2014},
  publisher={JMLR. org}
}

@article{srivastava2014dropout,
  title={Dropout: a simple way to prevent neural networks from overfitting},
  author={Srivastava, Nitish and Hinton, Geoffrey and Krizhevsky, Alex and Sutskever, Ilya and Salakhutdinov, Ruslan},
  journal={The journal of machine learning research},
  volume={15},
  number={1},
  pages={1929--1958},
  year={2014},
  publisher={JMLR. org}
}

@article{zheng2015new,
  title={New approaches to treating Alzheimer's disease},
  author={Zheng, Hailin and Fridkin, Mati and Youdim, Moussa},
  journal={Perspectives in medicinal chemistry},
  volume={7},
  pages={PMC--S13210},
  year={2015},
  publisher={SAGE Publications Sage UK: London, England}
}


@article{scheltens1992atrophy,
  title={Atrophy of medial temporal lobes on MRI in" probable" Alzheimer's disease and normal ageing: diagnostic value and neuropsychological correlates.},
  author={Scheltens, Philip and Leys, D and Barkhof, F and Huglo, D and Weinstein, HC and Vermersch, P and Kuiper, M and Steinling, M and Wolters, E Ch and Valk, J},
  journal={Journal of Neurology, Neurosurgery \& Psychiatry},
  volume={55},
  number={10},
  pages={967--972},
  year={1992},
  publisher={BMJ Publishing Group Ltd}
 }

@article{todd2009alzheimers,
  title={Alzheimers disease, the importance of early detection},
  author={Todd, Stephen and Passmore, Peter},
  journal={European Neurological Review},
  volume={110},
  year={2009}
}

@article{rasmussen2019alzheimer,
  title={Alzheimer’s disease--why we need early diagnosis},
  author={Rasmussen, Jill and Langerman, Haya},
  journal={Degenerative neurological and neuromuscular disease},
  volume={9},
  pages={123},
  year={2019},
  publisher={Dove Press}
}

@inproceedings{liu2014early,
  title={Early diagnosis of Alzheimer's disease with deep learning},
  author={Liu, Siqi and Liu, Sidong and Cai, Weidong and Pujol, Sonia and Kikinis, Ron and Feng, Dagan},
  booktitle={2014 IEEE 11th international symposium on biomedical imaging (ISBI)},
  pages={1015--1018},
  year={2014},
  organization={IEEE}
}

@article{marcus2007open,
  title={Open Access Series of Imaging Studies (OASIS): cross-sectional MRI data in young, middle aged, nondemented, and demented older adults},
  author={Marcus, Daniel S and Wang, Tracy H and Parker, Jamie and Csernansky, John G and Morris, John C and Buckner, Randy L},
  journal={Journal of cognitive neuroscience},
  volume={19},
  number={9},
  pages={1498--1507},
  year={2007},
  publisher={MIT Press One Rogers Street, Cambridge, MA 02142-1209, USA journals-info~…}
}

misc{dementia statistics hub_2018, title={Prevalence by age in the UK}, url={https://www.dementiastatistics.org/statistics/prevalence-by-age-in-the-uk/}, journal={Dementia Statistics Hub}, year={2018}, month={Jul}} 

misc{person_2015, title={How has life expectancy changed over time?}, url={https://www.ons.gov.uk/peoplepopulationandcommunity/birthsdeathsandmarriages/lifeexpectancies/articles/howhaslifeexpectancychangedovertime/2015-09-09}, journal={Office for National Statistics}, publisher={Office for National Statistics}, author={Person}, year={2015}, month={Sep}
}

@inproceedings{rajeshwari2013efficient,
  title={Efficient quality analysis of MRI image using preprocessing techniques},
  author={Rajeshwari, S and Sharmila, T Sree},
  booktitle={2013 IEEE Conference on Information \& Communication Technologies},
  pages={391--396},
  year={2013},
  organization={IEEE}
}

@article{ayers2019brain,
  title={Brain Imaging in Differential Diagnosis of Dementia},
  author={Ayers, Matthew R and Svaldi, Diana and Apostolova, Liana G},
  journal={PRACTICAL NEUROLOGY},
  year={2019}
}

@article{arjovsky2017towards,
  title={Towards principled methods for training generative adversarial networks},
  author={Arjovsky, Martin and Bottou, L{\'e}on},
  journal={arXiv preprint arXiv:1701.04862},
  year={2017}
}

@article{kodali2017train,
  title={How to train your DRAGAN},
  author={Kodali, Naveen and Abernethy, Jacob and Hays, James and Kira, Zsolt},
  journal={arXiv preprint arXiv:1705.07215},
  volume={2},
  number={4},
  year={2017}
 }

@inproceedings{taylor2018improving,
  title={Improving deep learning with generic data augmentation},
  author={Taylor, Luke and Nitschke, Geoff},
  booktitle={2018 IEEE Symposium Series on Computational Intelligence (SSCI)},
  pages={1542--1547},
  year={2018},
  organization={IEEE}
}

@article{bae2020identification,
  title={Identification of Alzheimer's disease using a convolutional neural network model based on T1-weighted magnetic resonance imaging},
  author={Bae, Jong Bin and Lee, Subin and Jung, Wonmo and Park, Sejin and Kim, Weonjin and Oh, Hyunwoo and Han, Ji Won and Kim, Grace Eun and Kim, Jun Sung and Kim, Jae Hyoung and others},
  journal={Scientific Reports},
  volume={10},
  number={1},
  pages={1--10},
  year={2020},
  publisher={Nature Publishing Group}
 }

@article{frid2018gan,
  title={GAN-based synthetic medical image augmentation for increased CNN performance in liver lesion classification},
  author={Frid-Adar, Maayan and Diamant, Idit and Klang, Eyal and Amitai, Michal and Goldberger, Jacob and Greenspan, Hayit},
  journal={Neurocomputing},
  volume={321},
  pages={321--331},
  year={2018},
  publisher={Elsevier}
}

@article{wang2018towards,
  title={Towards memory-efficient allocation of CNNs on processing-in-memory architecture},
  author={Wang, Yi and Chen, Weixuan and Yang, Jing and Li, Tao},
  journal={IEEE Transactions on Parallel and Distributed Systems},
  volume={29},
  number={6},
  pages={1428--1441},
  year={2018},
  publisher={IEEE}
}

@article{shorten2019survey,
  title={A survey on image data augmentation for deep learning},
  author={Shorten, Connor and Khoshgoftaar, Taghi M},
  journal={Journal of Big Data},
  volume={6},
  number={1},
  pages={1--48},
  year={2019},
  publisher={Springer}
 }

